@online{dynamo,
	author = {given-i=J., given=Joe, family={Brockmeier}},
	date = {2012-01-18},
	language = {american},
	title = {Amazon Takes Another Pass at NoSQL with DynamoDB},
	url = {https://readwrite.com/2012/01/18/amazon-enters-the-nosql-market/},
}
@online{apple,
	author = {given-i=M., given=Matt, family=Asay},
	date = {2015-09-16},
	language = {english},
	title = {Apple's secret NoSQL sauce includes a hefty dose of Cassandra},
	url = {https://www.techrepublic.com/article/apples-secret-nosql-sauce-includes-a-hefty-dose-of-cassandra/},
}
@online{netflix,
	author = {given-i=N.T., given={Netflix Technology}, family=Blog},
	date = {2020-10-20},
	language = {english},
	title = {Building Netflixâ€™s Distributed Tracing Infrastructure},
	url = {https://netflixtechblog.com/building-netflixs-distributed-tracing-infrastructure-bb856c319304},
}
@online{spotify,
	author = {given-i=Kinshuk, family=Mishra and given-i=Matt, family=Brown},
	date = {2015-01-09},
	language = {american},
	title = {Personalization at Spotify using Cassandra},
	url = {https://engineering.atspotify.com/2015/01/09/personalization-at-spotify-using-cassandra/},
}
@online{instagram,
	author = {given-i=I., given=Instagram, family=Engineering},
	date = {2018-06-21},
	language = {english},
	title = {Open-sourcing a 10x reduction in Apache Cassandra tail latency},
	url = {https://instagram-engineering.com/open-sourcing-a-10x-reduction-in-apache-cassandra-tail-latency-d64f86b43589},
}
@online{simplilearn,
	author = {given-i=S., given=Simplilearn},
	date = {2021-09-18},
	language = {american},
	title = {Apache Cassandra Architecture From The Ground-Up},
	url = {https://www.simplilearn.com/tutorials/big-data-tutorial/cassandra-architecture},
}
@online{dzone,
	author = {given-i=A., given=Akhil, family=Mehra},
	date = {2019-07-06},
	language = {english},
	title = {Introduction to Apache Cassandra's Architecture},
	url = {https://dzone.com/articles/introduction-apache-cassandras},
}
@online{scylla,
	author = {given-i=T.C., given={Tenrec Cms}, family=Development},
	date = {2021-05-28},
	language = {american},
	title = {What is a SSTable? Definition \& FAQs},
	url = {https://www.scylladb.com/glossary/sstable/},
}